%% This BibTeX bibliography file was created using BibDesk.
%% http://bibdesk.sourceforge.net/

%% Created for Josiah Wolf Oberholtzer at 2015-03-12 12:39:19 -0700 


%% Saved with string encoding Unicode (UTF-8) 



@phdthesis{nauert1997timespan,
	Author = {Nauert, Paul Charles},
	Date-Added = {2015-03-12 19:39:07 +0000},
	Date-Modified = {2015-03-12 19:39:17 +0000},
	Publisher = {Columbia University},
	Title = {Timespan formation in nonmetric, posttonal music},
	Year = {1997}}

@book{cormen2009introduction,
	Author = {Thomas H. Cormen and Charles E. Leiserson and Ronald L. Rivest and Clifford Stein},
	Date-Added = {2015-03-11 19:19:30 +0000},
	Date-Modified = {2015-03-11 19:19:40 +0000},
	Isbn = {0262033844},
	Publisher = {The MIT Press},
	Title = {Introduction to Algorithms, 3rd Edition},
	Year = {2009},

@book{lerdahl1985generative,
	Author = {Lerdahl, Fred and Jackendoff, Ray},
	Date-Added = {2015-03-11 19:16:23 +0000},
	Date-Modified = {2015-03-11 19:16:23 +0000},
	Publisher = {MIT press},
	Title = {A generative theory of tonal music},
	Year = {1985}}

@book{leguin1972farthest,
	Author = {Ursula LeGuin},
	Date-Added = {2015-03-11 19:13:43 +0000},
	Date-Modified = {2015-03-11 19:13:51 +0000},
	Isbn = {0689300549},
	Publisher = {Atheneum},
	Title = {The Farthest Shore},
	Year = {1972},

@book{calvino1978invisible,
	Author = {Italo Calvino},
	Date-Added = {2015-03-11 19:12:02 +0000},
	Date-Modified = {2015-03-11 19:12:13 +0000},
	Isbn = {0156453800},
	Publisher = {Harcourt Brace Jovanovich},
	Title = {Invisible Cities},
	Year = {1978},

@book{marriott1998programming,
	Author = {Marriott, Kim and Stuckey, Peter J},
	Date-Added = {2015-03-11 19:10:14 +0000},
	Date-Modified = {2015-03-11 19:10:14 +0000},
	Publisher = {MIT press},
	Title = {Programming with constraints: an introduction},
	Year = {1998}}

@book{cope2005computer,
	Author = {Cope, David},
	Date-Added = {2015-03-11 19:09:46 +0000},
	Date-Modified = {2015-03-11 19:09:46 +0000},
	Publisher = {MIT Press Cambridge},
	Title = {Computer models of musical creativity},
	Year = {2005}}

@book{tufte1983visual,
	Author = {Tufte, Edward R and Graves-Morris, PR},
	Date-Added = {2015-03-11 19:09:20 +0000},
	Date-Modified = {2015-03-11 19:09:20 +0000},
	Publisher = {Graphics press Cheshire, CT},
	Title = {The visual display of quantitative information},
	Volume = {2},
	Year = {1983}}

@book{mackay2003information,
	Author = {MacKay, David JC},
	Date-Added = {2015-03-11 19:08:44 +0000},
	Date-Modified = {2015-03-11 19:08:44 +0000},
	Publisher = {Citeseer},
	Title = {Information theory, inference, and learning algorithms},
	Volume = {7},
	Year = {2003}}

@book{ishikawa1977pattern,
	Author = {Ishikawa, Sara and Silverstein, Murray},
	Date-Added = {2015-03-11 19:08:14 +0000},
	Date-Modified = {2015-03-11 19:08:14 +0000},
	Publisher = {Oxford University Press},
	Title = {A pattern language: towns, buildings, construction},
	Volume = {2},
	Year = {1977}}

@phdthesis{trevino2013compositional,
	Author = {Trevino, Jeffrey Robert},
	Date-Added = {2015-03-11 19:03:30 +0000},
	Date-Modified = {2015-03-11 19:12:34 +0000},
	School = {UCSD},
	Title = {Compositional and analytic applications of automated music notation via object-oriented programming},
	Year = {2013}}

@book{russell2009artificial,
	Author = {Stuart Russell and Peter Norvig},
	Date-Added = {2015-03-11 19:01:55 +0000},
	Date-Modified = {2015-03-11 19:02:07 +0000},
	Isbn = {0136042597},
	Publisher = {Prentice Hall},
	Title = {Artificial Intelligence: A Modern Approach (3rd Edition)},
	Year = {2009},

@book{tremblay1985compiler,
	Author = {Jean-Paul Tremblay and Paul G. Sorenson},
	Date-Added = {2015-03-11 19:00:26 +0000},
	Date-Modified = {2015-03-11 19:00:48 +0000},
	Isbn = {0070651612},
	Publisher = {Mcgraw-Hill College},
	Title = {The Theory and Practice of Compiler Writing (McGraw-Hill computer science series)},
	Year = {1985},

@book{gune2007parsing,
	Author = {Dick Grune and Ceriel J.H. Jacobs},
	Date-Added = {2015-03-11 18:59:06 +0000},
	Date-Modified = {2015-03-11 18:59:31 +0000},
	Isbn = {038720248X},
	Publisher = {Springer},
	Title = {Parsing Techniques: A Practical Guide (Monographs in Computer Science)},
	Year = {2007},

@book{delatour2013contemporary,
	Author = {HIRS Rozalie},
	Date-Added = {2015-03-11 18:56:44 +0000},
	Date-Modified = {2015-03-11 18:59:44 +0000},
	Isbn = {2752100809},
	Publisher = {Delatour France},
	Title = {Contemporary compositional techniques and Openmusic},
	Year = {2013},

@book{agon2006om,
	Author = {Agon, Carlos and Assayag, G{\'e}rard and Bresson, Jean and Musique Institut de Recherche et de Coordination Acoustique},
	Date-Added = {2015-03-11 18:54:14 +0000},
	Date-Modified = {2015-03-11 18:54:14 +0000},
	Publisher = {IRCAM-centre Pompidou},
	Title = {The OM composer's book},
	Year = {2006}}

@book{gullberg1997mathematics,
	Author = {Gullberg, Jan},
	Date-Added = {2015-03-11 18:53:48 +0000},
	Date-Modified = {2015-03-11 18:53:48 +0000},
	Publisher = {WW Norton \& Company},
	Title = {Mathematics: from the birth of numbers},
	Year = {1997}}

@book{curtis1996computer,
	Author = {Curtis Roads},
	Date-Added = {2015-03-11 18:53:25 +0000},
	Date-Modified = {2015-03-11 18:53:25 +0000},
	Publisher = {MIT press},
	Title = {The computer music tutorial},
	Year = {1996}}

@book{pope1991well,
	Author = {Pope, Stephen T},
	Date-Added = {2015-03-11 18:53:06 +0000},
	Date-Modified = {2015-03-11 18:53:06 +0000},
	Publisher = {MIT press},
	Title = {The well-tempered object: musical applications of object-oriented software technology},
	Year = {1991}}

@book{goodman1976languages,
	Author = {Goodman, Nelson},
	Date-Added = {2015-03-11 18:51:59 +0000},
	Date-Modified = {2015-03-11 18:51:59 +0000},
	Publisher = {Hackett publishing},
	Title = {Languages of art: An approach to a theory of symbols},
	Year = {1976}}

@book{wishart1996sonic,
	Author = {Wishart, Trevor},
	Date-Added = {2015-03-11 18:51:28 +0000},
	Date-Modified = {2015-03-11 18:51:28 +0000},
	Publisher = {Psychology Press},
	Title = {On sonic art},
	Year = {1996}}

@book{fowler2002patterns,
	Author = {Fowler, Martin},
	Date-Added = {2015-03-11 18:44:13 +0000},
	Date-Modified = {2015-03-11 18:44:13 +0000},
	Publisher = {Addison-Wesley Longman Publishing Co., Inc.},
	Title = {Patterns of enterprise application architecture},
	Year = {2002}}

@book{roads2004microsound,
	Author = {Roads, Curtis},
	Date-Added = {2015-03-11 18:43:53 +0000},
	Date-Modified = {2015-03-11 18:43:53 +0000},
	Publisher = {MIT press},
	Title = {Microsound},
	Year = {2004}}

@book{gamma1994design,
	Author = {Gamma, Erich and Helm, Richard and Johnson, Ralph and Vlissides, John},
	Date-Added = {2015-03-11 18:43:38 +0000},
	Date-Modified = {2015-03-11 18:43:38 +0000},
	Publisher = {Pearson Education},
	Title = {Design patterns: elements of reusable object-oriented software},
	Year = {1994}}

@book{born1995rationalizing,
	Author = {Born, Georgina},
	Date-Added = {2015-03-11 18:43:17 +0000},
	Date-Modified = {2015-03-11 18:43:17 +0000},
	Publisher = {Univ of California Press},
	Title = {Rationalizing culture: IRCAM, Boulez, and the institutionalization of the musical avant-garde},
	Year = {1995}}

@book{xenakis1992formalized,
	Author = {Xenakis, Iannis},
	Date-Added = {2015-03-11 18:42:52 +0000},
	Date-Modified = {2015-03-11 18:42:52 +0000},
	Number = {6},
	Publisher = {Pendragon Press},
	Title = {Formalized music: thought and mathematics in composition},
	Year = {1992}}